00587cas a22002291a 4500
001 999325143502836
003 Nz
005 20160321142749.0
008 040113d1982uuuunz  r ne      0   0 eng  
035    $a (NLNZils)932514
035    $a (Nz)8184023
035    $a (NLNZils)932514-ilsdb
035    $a (OCoLC)173423361
040    $a NZNB $c NZNB
042    $a nznb
043    $a u-nz---
245 00 $a Times-age topix.
260    $a [Masterton, N.Z. : $b s.n., $c 1982-?]
310    $a Weekly
362 0  $a 1982 Mar.2-?
651  0 $a Masterton (N.Z.) $v Newspapers.
655  7 $a New Zealand newspapers. $2 local $5 Nz
